<record><leader>00000cas a22000007a 4500</leader><controlfield tag="001">23293725</controlfield><controlfield tag="008">910325c199u9999hiumr ne      0    0eng d</controlfield><datafield ind1=" " ind2=" " tag="010"><subfield code="a">sn 91099204 </subfield></datafield><datafield ind1=" " ind2=" " tag="040"><subfield code="a">HUH</subfield><subfield code="b">eng</subfield><subfield code="c">HWN</subfield><subfield code="d">OCLCQ</subfield></datafield><datafield ind1=" " ind2=" " tag="012"><subfield code="b">3</subfield></datafield><datafield ind1=" " ind2=" " tag="037"><subfield code="b">Leeward Current, 1034 Kilani Ave., Suite 103, Wahiawa, HI 96786</subfield></datafield><datafield ind1=" " ind2=" " tag="043"><subfield code="a">n-us-hi</subfield></datafield><datafield ind1=" " ind2=" " tag="090"><subfield code="a">DU628.L44</subfield><subfield code="b">L44</subfield></datafield><datafield ind1="0" ind2="0" tag="245"><subfield code="a">Leeward current.</subfield></datafield><datafield ind1=" " ind2=" " tag="260"><subfield code="a">Wahiawa, Hawaii :</subfield><subfield code="b">PMP Co.</subfield></datafield><datafield ind1=" " ind2=" " tag="300"><subfield code="a">v. :</subfield><subfield code="b">ill. ;</subfield><subfield code="c">41 cm.</subfield></datafield><datafield ind1=" " ind2=" " tag="310"><subfield code="a">Monthly</subfield></datafield><datafield ind1=" " ind2=" " tag="500"><subfield code="a">"Serving Aiea, Newtown, Pacific Palisades, Pearl City, Pearlridge and Waiau."</subfield></datafield><datafield ind1=" " ind2=" " tag="588"><subfield code="a">Description based on: Vol. 3, no. 2 (Feb. 14, 1991).</subfield></datafield><datafield ind1=" " ind2="0" tag="651"><subfield code="a">Leeward Oahu Region (Hawaii)</subfield><subfield code="v">Newspapers.</subfield></datafield><datafield ind1=" " ind2=" " tag="752"><subfield code="a">United States</subfield><subfield code="b">Hawaii</subfield><subfield code="c">Honolulu</subfield><subfield code="d">ahiawa.</subfield></datafield></record>